% Bibliografía

% Este fichero contiene la bibliografía de la memoria
% Está en un formato que se conoce como BibTex.
% Hay muchos sitios web que exportan referencias en formato BibTeX. 
% Prueba a buscar en http://scholar.google.com por referencias
% y verás que lo puedes hacer de manera sencilla.
% Más información: 
% http://texblog.org/2014/04/22/using-google-scholar-to-download-bibtex-citations/

% Existen varias posibilidades para referenciar diferentes tipos de documentos,
% ya que los datos necesarios varían. Así, existen formatos de entrada para
%     * libros (book)
%     * artículos en revistas de investigación (article)
%     * capítulos de libro (incollection)
%     * informes técnicos (techreport)
%     * otros (misc)
%
% Las páginas web deberían ir como misc.

% Una última cosa: no referencias nunca la WikiPedia
% La WikiPedia, como buena enciclopedia, no es fuente primaria.
% Si acaso, busca por citas en la WikiPedia (que sí ha de referenciar fuentes
% primarias) y haz referencia a las mismas.

@Book{lutz:_programming_python,
  author = 	 {Mark Lutz},
  title = 	 {Programming Python, Third Ed.},
  publisher = 	 {O'Reilly Media, Inc.},
  year = 	 2006
}

@Book{beazley:_essential_reference,
  author = 	 {David M. Beazley},
  title = 	 {Python Essential Reference, Fourth Ed.},
  publisher = 	 {Pearson Education, Inc.},
  year = 	 2009
}

@Book{bennet:_django,
  author = 	 {James Bennet},
  title = 	 {Practical Django Projects},
  publisher = 	 {Apress, Inc.},
  year = 	 2009
}

@Book{robson:_html_css,
  author = 	 {Elisabeth Robson and Eric Freeman},
  title = 	 {Head First HTML and CSS},
  publisher = 	 {O'Reilly Media, Inc.},
  year = 	 2012
}

@Book{flanagan:_js,
  author = 	 {David Flanagan},
  title = 	 {JavaScript: The Definitive Guide, Sixth Ed.},
  publisher = 	 {O'Reilly Media, Inc.},
  year = 	 2011
}

@Misc{coala:_coala,
  title =	 {Coala},
  note =	 {\\ https://coala.io}
}

@Misc{python:_python,
  title =	 {Python},
  note =	 {\\ https://www.python.org/}
}

@Misc{django:_django,
  title =	 {Django Project},
  note =	 {\\ https://www.djangoproject.com/}
}

@Misc{bootstrap:_bootstrap,
  title =	 {Bootstrap},
  note =	 {\\ http://getbootstrap.com/}
}

@Misc{git:_git,
  author =   {Scott Chacon and Ben Straub},
  title =	 {Pro Git},
  note =	 {\\ https://git-scm.com/book/es/v1}
}

